%% This BibTeX bibliography file was created using BibDesk.
%% https://bibdesk.sourceforge.io/

%% Created for Eason Shao at 2022-05-25 14:53:02 +0800 


%% Saved with string encoding Unicode (UTF-8) 



@book{zeroisimg,
	author = {K.C.Sinha},
	date-added = {2022-05-25 14:49:08 +0800},
	date-modified = {2022-05-25 14:53:01 +0800},
	publisher = {Rastogi Publications},
	rating = {5},
	read = {1},
	title = {A Text Book of Mathematics XI},
	volume = {11.2},
	year = {2018}}
