%% This BibTeX bibliography file was created using BibDesk.
%% https://bibdesk.sourceforge.io/

%% Created for Eason Shao at 2022-05-18 20:53:34 +0800 


%% Saved with string encoding Unicode (UTF-8) 



@url{wiki-comconj,
	author = {Wikipedia},
	date-added = {2022-05-18 17:05:36 +0800},
	date-modified = {2022-05-18 17:57:14 +0800},
	keywords = {reim},
	lastchecked = {18 May 2022},
	month = {May},
	rating = {3},
	read = {1},
	title = {Complex Conjugate},
	url = {https://en.wikipedia.org/wiki/Complex_conjugate},
	urldate = {18 May 2022},
	year = {2022},
	bdsk-url-1 = {https://en.wikipedia.org/wiki/Complex_conjugate}}

@url{wiki-metric,
	author = {Wikipedia},
	date-added = {2022-05-18 17:05:00 +0800},
	date-modified = {2022-05-18 17:57:24 +0800},
	keywords = {reim},
	lastchecked = {18 May 2022},
	month = {May},
	rating = {4},
	read = {0},
	title = {Metric Space},
	url = {https://en.wikipedia.org/wiki/Metric_space},
	urldate = {18 May 2022},
	year = {2022},
	bdsk-url-1 = {https://en.wikipedia.org/wiki/Metric_space}}

@url{wiki-comp,
	author = {Wikipedia},
	date-added = {2022-05-18 17:04:17 +0800},
	date-modified = {2022-05-18 17:58:41 +0800},
	keywords = {reim},
	lastchecked = {18 May 2022},
	month = {May},
	rating = {5},
	read = {1},
	title = {Complex Number},
	url = {https://en.wikipedia.org/wiki/Complex_number},
	urldate = {18 May 2022},
	year = {2022},
	bdsk-url-1 = {https://en.wikipedia.org/wiki/Complex_number}}

@url{wiki-img,
	author = {Wikipedia},
	date-added = {2022-05-18 17:02:50 +0800},
	date-modified = {2022-05-18 17:59:07 +0800},
	keywords = {reim},
	lastchecked = {18 May 2022},
	month = {May},
	rating = {5},
	read = {1},
	title = {Imaginary Number},
	url = {https://en.wikipedia.org/wiki/Imaginary_number},
	urldate = {18 May 2022},
	year = {2022},
	bdsk-url-1 = {https://en.wikipedia.org/wiki/Imaginary_number}}
