%% This BibTeX bibliography file was created using BibDesk.
%% https://bibdesk.sourceforge.io/

%% Created for Eason Shao at 2022-05-11 17:29:51 +0800 


%% Saved with string encoding Unicode (UTF-8) 



@url{detarea,
	author = {Cuemath},
	date-added = {2022-05-11 17:24:23 +0800},
	date-modified = {2022-05-11 17:26:44 +0800},
	keywords = {线性代数 },
	lastchecked = {11 May, 2022},
	month = {May},
	rating = {5},
	read = {1},
	title = {Area of Triangle in Determinant Form},
	url = {https://www.cuemath.com/geometry/area-of-triangle-in-determinant-form/},
	urldate = {11 May, 2022},
	year = {2022},
	bdsk-url-1 = {https://www.cuemath.com/geometry/area-of-triangle-in-determinant-form/}}

@book{linearalgebra-pearson,
	address = {Pearson Education Limited, Edinburgh Gate, Harlow, Essex CM20 2JE, England},
	author = {Steven J. Leon},
	date-added = {2022-05-11 17:15:45 +0800},
	date-modified = {2022-05-11 17:20:57 +0800},
	edition = {Ninth},
	editor = {Deirdre Lynch},
	keywords = {线性代数},
	publisher = {Pearson},
	rating = {5},
	read = {1},
	title = {Linear Algebra with Applications},
	year = {2015}}

@book{linearalgebra-tj,
	address = {北京市西城区德外大街4号},
	author = {同济大学数学系},
	date-added = {2022-05-11 17:14:16 +0800},
	date-modified = {2022-05-11 17:21:32 +0800},
	edition = {Sixth},
	keywords = {线性代数},
	month = {June},
	publisher = {高等教育出版社},
	rating = {3},
	read = {1},
	title = {工程数学 线性代数},
	year = {2014}}

@unpublished{owenxuanswer,
	author = {OwenXu},
	date-added = {2022-05-11 17:11:01 +0800},
	date-modified = {2022-05-11 17:20:43 +0800},
	keywords = {作答},
	month = {May},
	note = {未批改},
	rating = {4},
	read = {1},
	title = {220511测验作答},
	year = {2022}}

@unpublished{duckduckanswer,
	author = {鸭鸭},
	date-added = {2022-05-11 17:07:59 +0800},
	date-modified = {2022-05-11 17:20:50 +0800},
	keywords = {作答},
	month = {May},
	note = {未批改},
	rating = {4},
	read = {1},
	title = {220511测验作答},
	year = {2022}}
